% This file was created with JabRef 2.10.
% Encoding: UTF8


@MastersThesis{baroody,
  Title                    = {Evaluation of rapid electric battery charging techniques},
  Author                   = {Ronald Baroody},
  School                   = {University of Nevada, Las Vegas},
  Year                     = {2009},

  Owner                    = {JensHelge},
  Timestamp                = {2014.10.11}
}

@Book{bronstein,
  Title                    = {Taschenbuch der Mathematik},
  Author                   = {I.N. Bronstein},
  Editor                   = {Prof. Dr. Gerhard Musiol, Prof. Dr. Heiner Mühling},
  Publisher                = {Verlag Harri Deutsch},
  Year                     = {2006},
  Edition                  = {6., vollständig überarbeitete und ergänzte Auflage},

  Owner                    = {JensHelge},
  Timestamp                = {2014.10.24}
}

@Misc{bti,
  Title                    = {CCS - Ein neues Ladeverfahren zum automatischen Laden von Akkus},

  Author                   = {BTI},
  Year                     = {2001},

  Owner                    = {JensHelge},
  Timestamp                = {2014.10.20}
}

@Misc{batteryuniversity,
  Title                    = {http://batteryuniversity.com/},

  Author                   = {Isidor Buchmann},
  HowPublished             = {Cadex Electronics},
  Year                     = {2003},

  Owner                    = {JensHelge},
  Timestamp                = {2014.10.12}
}

@Misc{Rol2013,
  Title                    = {Entwurf und Aufbau einer modularen Stromquelle mit schaltbaren Ausgängen zur seriellen Ladung mehrerer Akkumulatoren},

  Author                   = {Roland Jan Czaja},
  HowPublished             = {Ruhr-Universität Bochum},
  Year                     = {2013},

  Owner                    = {JensHelge},
  School                   = {Ruhr-Universit\"at Bochum},
  Timestamp                = {2014.10.11}
}

@PhdThesis{Darcy,
  Title                    = {INVESTIGATION OF THE RESPONSE OF NIMH CELLS TO BURP CHARGING},
  Author                   = {Eric C. Darcy},
  School                   = {University of Houston},
  Year                     = {1998},

  Owner                    = {JensHelge},
  Timestamp                = {2014.11.01}
}

@Misc{duracell,
  Title                    = {DURACELL TIPS: TECHNICAL INFORMATION \& PRODUCT SPECIFICATIONS},

  Author                   = {Duracell},

  Owner                    = {JensHelge},
  Timestamp                = {2014.10.19}
}

@PhdThesis{Heinemann,
  Title                    = {Strukturen von Batterie- und Energiemanagementsystemen mit Bleibatterien und Ultracaps},
  Author                   = {Detlef Heinemann},
  School                   = {Technische Universität Berlin},
  Year                     = {2006},

  Owner                    = {JensHelge},
  Timestamp                = {2014.10.11}
}

@Misc{Kirk-Othme2004,
  Title                    = {Encyclopedia of Chemical Technology},

  Author                   = {Kirk-Othme},
  Year                     = {2004},

  Owner                    = {JensHelge},
  Timestamp                = {2014.10.12}
}

@Misc{itpnyu,
  Title                    = {http://itp.nyu.edu/~ndl5/electricity/timeline.html},

  Author                   = {Nancy D. Lewis},
  HowPublished             = {New York University},
  Year                     = {1997},

  Owner                    = {JensHelge},
  Timestamp                = {2014.10.12}
}

@Misc{MAX1873,
  Title                    = {MAX 1873 Simple Current-Limited Switch-Mode Li+ Charger Controller},

  Author                   = {Maxim},

  Owner                    = {JensHelge},
  Timestamp                = {2014.10.20}
}

@Article{Mills2008,
  Title                    = {Studies in Electrostatics Part 6: The Leyden jar and Other Capacitors},
  Author                   = {Mills},
  Journal                  = {Bulletin of the Scientific Instrument Society},
  Year                     = {2008},
  Number                   = {99},

  Owner                    = {JensHelge},
  Timestamp                = {2014.10.12}
}

@Misc{panasonic,
  Title                    = {NiMH-Handbook},

  Author                   = {Panasonic},

  Owner                    = {JensHelge},
  Timestamp                = {2014.10.20}
}

@Misc{Picciano,
  Title                    = {Battery Aging and Characterization of Nickel Metal Hydride and Lead Acid Batteries},

  Author                   = {Nick Picciano},
  Year                     = {2007},

  Owner                    = {JensHelge},
  Timestamp                = {2014.10.11}
}

@Book{Tietze,
  Title                    = {Halbleiter-Schaltungstechnik},
  Author                   = {Ulrich Tietze, Christoph Schenk},
  Editor                   = {Tietze},
  Publisher                = {Springer Verlag},
  Year                     = {1999},
  Edition                  = {11., völlig neu bearbeitete und erweiterte Auflage},

  Owner                    = {JensHelge},
  Timestamp                = {2014.10.24}
}

@Misc{CRCHandbook2005,
  Title                    = {CRC Handbook of Chemistry and Physics},
  Year                     = {2005},

  Editor                   = {David R. Lide},
  Owner                    = {jens},
  Publisher                = {CRC Press, Boca Raton},
  Timestamp                = {2014.10.14}
}

@Misc{Linden2011,
  Title                    = {Linden's Handbook Of Batteries},
  Year                     = {2011},

  Edition                  = {4},
  Editor                   = {Thomas B. Reddy},
  Owner                    = {JensHelge},
  Publisher                = {McGraw Hill},
  Timestamp                = {2014.10.13}
}

@Misc{texas,
  Title                    = {Charging a three-cell nickel-based battery pack with a Li-Ion charger},
  HowPublished             = {Texas Instruments},
  Year                     = {2012},

  Owner                    = {JensHelge},
  Timestamp                = {2014.11.02}
}

@Misc{etz3/2008,
  Title                    = {Auswirkungen steiler Stromänderungen auf elektrochemische Systeme},
  HowPublished             = {etz Heft 3/2008},
  Year                     = {2008},

  Owner                    = {JensHelge},
  Timestamp                = {2014.10.11}
}

@Misc{Harding,
  Title                    = {Harding Battery Handbook For Quest® Rechargeable Cells and Battery Packs},
  Month                    = {January},
  Year                     = {2004},

  Owner                    = {JensHelge},
  Timestamp                = {2014.10.19}
}

@Misc{IEC61951,
  Title                    = {Secondary cells and batteries containing alkaline or other non-acid electrolytes Portable sealed rechargeable single cells Part 2: Nickel-metal hydride},
  Year                     = {2003},

  Owner                    = {JensHelge},
  Timestamp                = {2014.10.11}
}

